@misc{ocr,
  title = "OCR Character Classifier [Technology Portal]",
  howpublished = "\url{https://abbyy.technology/en:features:ocr:classifier}"
}

@misc{lev,
  title = "Levenshtein distance - Wikipedia",
  howpublished = "\url{https://en.wikipedia.org/wiki/Levenshtein_distance}"
}

@misc{tess,
  title = "tesseract-ocr/tesseract",
  howpublished = "\url{https://github.com/tesseract-ocr/tesseract}"
}

@inproceedings{tess2,
title = {An Overview of the Tesseract OCR Engine},
author  = {Ray Smith},
year  = 2007,
booktitle = {Proc. Ninth Int. Conference on Document Analysis and Recognition (ICDAR)},
pages = {629--633}
}
